<record><leader>00000nas a2200000 i 4500</leader><controlfield tag="001">982192634</controlfield><controlfield tag="006">m     o  d        </controlfield><controlfield tag="007">cr |||||||||||</controlfield><controlfield tag="008">170412d18481894ctudn neo     0   a0eng  </controlfield><datafield ind1=" " ind2=" " tag="010"><subfield code="a">  2017218613</subfield></datafield><datafield ind1=" " ind2=" " tag="040"><subfield code="a">DLC</subfield><subfield code="b">eng</subfield><subfield code="e">rda</subfield><subfield code="c">DLC</subfield></datafield><datafield ind1="0" ind2=" " tag="022"><subfield code="a">2572-6951</subfield><subfield code="2">1</subfield></datafield><datafield ind1=" " ind2=" " tag="042"><subfield code="a">pcc</subfield><subfield code="a">nsdp</subfield></datafield><datafield ind1=" " ind2=" " tag="043"><subfield code="a">n-us-ct</subfield></datafield><datafield ind1="1" ind2="0" tag="050"><subfield code="a">ISSN RECORD</subfield></datafield><datafield ind1="1" ind2="0" tag="082"><subfield code="a">071</subfield><subfield code="2">23</subfield></datafield><datafield ind1=" " ind2="0" tag="222"><subfield code="a">Morning journal and courier</subfield><subfield code="b">(Online)</subfield></datafield><datafield ind1="0" ind2="0" tag="245"><subfield code="a">Morning journal and courier.</subfield></datafield><datafield ind1="1" ind2="3" tag="246"><subfield code="a">Daily morning journal and courier</subfield></datafield><datafield ind1="1" ind2="7" tag="246"><subfield code="a">Journal and courier</subfield></datafield><datafield ind1="1" ind2="7" tag="246"><subfield code="a">New Haven daily morning journal and courier</subfield></datafield><datafield ind1=" " ind2="1" tag="264"><subfield code="a">New Haven, Conn. :</subfield><subfield code="b">Carrington &amp; Co.</subfield></datafield><datafield ind1=" " ind2=" " tag="300"><subfield code="a">1 online resource</subfield></datafield><datafield ind1=" " ind2=" " tag="310"><subfield code="a">Daily (except Sunday)</subfield></datafield><datafield ind1=" " ind2=" " tag="336"><subfield code="a">text</subfield><subfield code="b">txt</subfield><subfield code="2">rdacontent</subfield></datafield><datafield ind1=" " ind2=" " tag="337"><subfield code="a">computer</subfield><subfield code="b">c</subfield><subfield code="2">rdamedia</subfield></datafield><datafield ind1=" " ind2=" " tag="338"><subfield code="a">online resource</subfield><subfield code="b">cr</subfield><subfield code="2">rdacarrier</subfield></datafield><datafield ind1="1" ind2=" " tag="362"><subfield code="a">Began in 1848; ceased .</subfield></datafield><datafield ind1="0" ind2=" " tag="362"><subfield code="a">-v. 62, no. 150 (June 23, 1894).</subfield></datafield><datafield ind1=" " ind2=" " tag="500"><subfield code="a">"Pledged to religion, liberty, and law."</subfield></datafield><datafield ind1=" " ind2=" " tag="500"><subfield code="a">Publishers: J.B. Hotchkiss &amp; Co., &lt;Feb. 26, 1848&gt;; Carrington, Hotchkiss &amp; Co., &lt;1864-1868&gt;; Carrington &amp; Co., &lt;1868-1876&gt;.</subfield></datafield><datafield ind1=" " ind2=" " tag="500"><subfield code="a">Whig, &lt;1850-1852&gt;; Republican, &lt;1860&gt;.</subfield></datafield><datafield ind1=" " ind2=" " tag="500"><subfield code="a">"Independent Republican."</subfield></datafield><datafield ind1=" " ind2=" " tag="500"><subfield code="a">Editors: J.B. Carrington, J.B. Hotchkiss, &lt;1850-1861&gt;.</subfield></datafield><datafield ind1=" " ind2=" " tag="515"><subfield code="a">Issues for &lt;Jan. 2, 1865&gt;-July 12, 1884 lack numbering but are called: &lt;Vol. 37&gt;-v. 52.</subfield></datafield><datafield ind1=" " ind2=" " tag="530"><subfield code="a">Available on microfilm from Library of Congress, Photoduplication Service, Connecticut State Library, Hartford, CT, and Yale University Library, Photographic Services, New Haven, CT.</subfield></datafield><datafield ind1=" " ind2=" " tag="580"><subfield code="a">Triweekly ed. also available, about 1851, title not certain.</subfield></datafield><datafield ind1=" " ind2=" " tag="580"><subfield code="a">Weekly eds.: Connecticut journal and herald and weekly courier, 1848-186, and: Connecticut herald and weekly journal, 186 -1894.</subfield></datafield><datafield ind1=" " ind2=" " tag="580"><subfield code="a">Opposition newspaper published by striking printers being tried for conspiracy to ruin the Morning journal and courier: The Jour. printer, 1871.</subfield></datafield><datafield ind1=" " ind2=" " tag="588"><subfield code="a">Description based on: Vol. XLVIII (January 1, 1880); title from masthead (Chroniclingamerica.loc.gov, viewed April 12, 2017).</subfield></datafield><datafield ind1=" " ind2=" " tag="588"><subfield code="a">Latest issue consulted: Vol. LVII, no. 154 (June 29, 1889) (Chroniclingamerica.loc.gov, viewed April 12, 2017).</subfield></datafield><datafield ind1=" " ind2="0" tag="651"><subfield code="a">New Haven (Conn.)</subfield><subfield code="v">Newspapers.</subfield></datafield><datafield ind1=" " ind2="7" tag="651"><subfield code="a">Connecticut</subfield><subfield code="z">New Haven.</subfield><subfield code="2">fast</subfield><subfield code="0">(OCoLC)fst01206280</subfield></datafield><datafield ind1=" " ind2="7" tag="655"><subfield code="a">Newspapers.</subfield><subfield code="2">fast</subfield><subfield code="0">(OCoLC)fst01423814</subfield></datafield><datafield ind1=" " ind2=" " tag="752"><subfield code="a">United States</subfield><subfield code="b">Connecticut</subfield><subfield code="c">New Haven</subfield><subfield code="d">New Haven.</subfield></datafield><datafield ind1="1" ind2=" " tag="775"><subfield code="t">Connecticut journal and herald, and weekly courier</subfield></datafield><datafield ind1="1" ind2=" " tag="775"><subfield code="t">Connecticut herald and weekly journal</subfield></datafield><datafield ind1="0" ind2="8" tag="776"><subfield code="i">Online version:</subfield><subfield code="t">Morning journal and courier</subfield><subfield code="x">2572-6943</subfield><subfield code="w">(DLC)sn 82015483</subfield><subfield code="w">(OCoLC)8817820</subfield></datafield><datafield ind1="0" ind2="4" tag="780"><subfield code="t">New Haven morning journal</subfield></datafield><datafield ind1="0" ind2="4" tag="780"><subfield code="t">Daily morning courier (New Haven, Conn.)</subfield></datafield><datafield ind1="0" ind2="5" tag="780"><subfield code="t">New-Haven daily herald</subfield><subfield code="g">Feb. 1848</subfield></datafield><datafield ind1="0" ind2="0" tag="785"><subfield code="t">Daily morning journal and courier</subfield></datafield><datafield ind1="1" ind2=" " tag="787"><subfield code="t">Jour. printer</subfield></datafield><datafield ind1="4" ind2="0" tag="856"><subfield code="u">http://www.loc.gov/chroniclingamerica/lccn/sn82015483/issues</subfield></datafield></record>